@article{DBLP:journals/cim/CambriaW14,
  author    = {Erik Cambria and
               Bebo White},
  title     = {Jumping {NLP} Curves: {A} Review of Natural Language Processing Research
               [Review Article]},
  journal   = {{IEEE} Comp. Int. Mag.},
  volume    = {9},
  number    = {2},
  pages     = {48--57},
  year      = {2014}
  doi       = {10.1109/MCI.2014.2307227}
}
